@article{Strukov2008,
  doi = {10.1038/nature06932},
  url = {https://doi.org/10.1038/nature06932},
  year = {2008},
  month = may,
  publisher = {Springer Science and Business Media {LLC}},
  volume = {453},
  number = {7191},
  pages = {80--83},
  author = {Dmitri B. Strukov and Gregory S. Snider and Duncan R. Stewart and R. Stanley Williams},
  title = {The missing memristor found},
  journal = {Nature}
}

@ARTICLE{TheoMemristor,
  doi = {10.1109/tct.1971.1083337},
  url = {https://doi.org/10.1109/tct.1971.1083337},
  year = {1971},
  publisher = {Institute of Electrical and Electronics Engineers ({IEEE})},
  volume = {18},
  number = {5},
  pages = {507--519},
  author = {L. Chua},
  title = {Memristor-The missing circuit element},
  journal = {{IEEE} Transactions on Circuit Theory}
}

@ARTICLE{memrestiveDev,
  author={Chua, L.O. and Sung Mo Kang},
  journal={Proceedings of the IEEE},
  title={Memristive devices and systems},
  year={1976},
  volume={64},
  number={2},
  pages={209-223},
  doi={10.1109/PROC.1976.10092}
}

@article{Xbar,
  doi = {10.1038/s41563-019-0291-x},
  url = {https://doi.org/10.1038/s41563-019-0291-x},
  year = {2019},
  month = mar,
  publisher = {Springer Science and Business Media {LLC}},
  volume = {18},
  number = {4},
  pages = {309--323},
  author = {Qiangfei Xia and J. Joshua Yang},
  title = {Memristive crossbar arrays for brain-inspired computing},
  journal = {Nature Materials}
}

@inproceedings{Phillips,
  doi = {10.1109/icpr.2002.1044731},
  url = {https://doi.org/10.1109/icpr.2002.1044731},
  publisher = {{IEEE} Comput. Soc},
  author = {P.J. Phillips and S. Sarkar and I. Robledo and P. Grother and K. Bowyer},
  title = {The gait identification challenge problem: data sets and baseline algorithm},
  booktitle = {Object recognition supported by user interaction for service robots}
}

@article{Kale2004,
  doi = {10.1109/tip.2004.832865},
  url = {https://doi.org/10.1109/tip.2004.832865},
  year = {2004},
  month = sep,
  publisher = {Institute of Electrical and Electronics Engineers ({IEEE})},
  volume = {13},
  number = {9},
  pages = {1163--1173},
  author = {A. Kale and A. Sundaresan and A.N. Rajagopalan and N.P. Cuntoor and A.K. Roy-Chowdhury and V. Kruger and R. Chellappa},
  title = {Identification of Humans Using Gait},
  journal = {{IEEE} Transactions on Image Processing}
}

@article{gait,
  doi = {10.1038/s42256-018-0001-4},
  url = {https://doi.org/10.1038/s42256-018-0001-4},
  year = {2019},
  month = jan,
  publisher = {Springer Science and Business Media {LLC}},
  volume = {1},
  number = {1},
  pages = {49--57},
  author = {Can Li and Zhongrui Wang and Mingyi Rao and Daniel Belkin and Wenhao Song and Hao Jiang and Peng Yan and Yunning Li and Peng Lin and Miao Hu and Ning Ge and John Paul Strachan and Mark Barnell and Qing Wu and R. Stanley Williams and J. Joshua Yang and Qiangfei Xia},
  title = {Long short-term memory networks in memristor crossbar arrays},
  journal = {Nature Machine Intelligence}
}

@article{dummy,
  author = {C. Dummy},
  title = "{IST Thesis Template Dummy Reference}",
  year = 2011,
  journal = {NEBM}
}

@misc{site,
  author = {R. Dummy},
  journal = {The Latex News},
  title = "{How to write a Latex Article}",
  year = 2011,
  month = {August},
  day = {23},
  howpublished = "\url{http://www.biopsychiatry.com/misc/genetic-defects.html}"
}


@misc{wiki,
  journal = {Wikimedia Foundation, Inc.},
  title = "{Wikipedia}",
  year = 2011,
  howpublished = "\url{http://www.wikipedia.org}"
}
