@article{memristorFab,
  doi = {10.1038/nature06932},
  url = {https://doi.org/10.1038/nature06932},
  year = {2008},
  month = may,
  publisher = {Springer Science and Business Media {LLC}},
  volume = {453},
  number = {7191},
  pages = {80--83},
  author = {Dmitri B. Strukov and Gregory S. Snider and Duncan R. Stewart and R. Stanley Williams},
  title = {The missing memristor found},
  journal = {Nature}
}

@ARTICLE{TheoMemristor,
  doi = {10.1109/tct.1971.1083337},
  url = {https://doi.org/10.1109/tct.1971.1083337},
  year = {1971},
  publisher = {Institute of Electrical and Electronics Engineers ({IEEE})},
  volume = {18},
  number = {5},
  pages = {507--519},
  author = {L. Chua},
  title = {Memristor-The missing circuit element},
  journal = {{IEEE} Transactions on Circuit Theory}
}

@ARTICLE{memrestiveDev,
  author={Chua, L.O. and Sung Mo Kang},
  journal={Proceedings of the IEEE},
  title={Memristive devices and systems},
  year={1976},
  volume={64},
  number={2},
  pages={209-223},
  doi={10.1109/PROC.1976.10092}
}

@article{Xbar,
  doi = {10.1038/s41563-019-0291-x},
  url = {https://doi.org/10.1038/s41563-019-0291-x},
  year = {2019},
  month = mar,
  publisher = {Springer Science and Business Media {LLC}},
  volume = {18},
  number = {4},
  pages = {309--323},
  author = {Qiangfei Xia and J. Joshua Yang},
  title = {Memristive crossbar arrays for brain-inspired computing},
  journal = {Nature Materials}
}

@inproceedings{gaitDS,
  doi = {10.1109/icpr.2002.1044731},
  url = {https://doi.org/10.1109/icpr.2002.1044731},
  publisher = {{IEEE} Comput. Soc},
  author = {P.J. Phillips and S. Sarkar and I. Robledo and P. Grother and K. Bowyer},
  title = {The gait identification challenge problem: data sets and baseline algorithm},
  booktitle = {Object recognition supported by user interaction for service robots}
}

@article{gaitDig,
  doi = {10.1109/tip.2004.832865},
  url = {https://doi.org/10.1109/tip.2004.832865},
  year = {2004},
  month = sep,
  publisher = {Institute of Electrical and Electronics Engineers ({IEEE})},
  volume = {13},
  number = {9},
  pages = {1163--1173},
  author = {A. Kale and A. Sundaresan and A.N. Rajagopalan and N.P. Cuntoor and A.K. Roy-Chowdhury and V. Kruger and R. Chellappa},
  title = {Identification of Humans Using Gait},
  journal = {{IEEE} Transactions on Image Processing}
}

@article{gait,
  doi = {10.1038/s42256-018-0001-4},
  url = {https://doi.org/10.1038/s42256-018-0001-4},
  year = {2019},
  month = jan,
  publisher = {Springer Science and Business Media {LLC}},
  volume = {1},
  number = {1},
  pages = {49--57},
  author = {Can Li and Zhongrui Wang and Mingyi Rao and Daniel Belkin and Wenhao Song and Hao Jiang and Peng Yan and Yunning Li and Peng Lin and Miao Hu and Ning Ge and John Paul Strachan and Mark Barnell and Qing Wu and R. Stanley Williams and J. Joshua Yang and Qiangfei Xia},
  title = {Long short-term memory networks in memristor crossbar arrays},
  journal = {Nature Machine Intelligence}
}

@misc{videoStab,
  doi = {10.48550/ARXIV.2102.01279},
  url = {https://arxiv.org/abs/2102.01279},
  author = {Shi,  Zhenmei and Shi,  Fuhao and Lai,  Wei-Sheng and Liang,  Chia-Kai and Liang,  Yingyu},
  keywords = {Computer Vision and Pattern Recognition (cs.CV),  FOS: Computer and information sciences,  FOS: Computer and information sciences},
  title = {Deep Online Fused Video Stabilization},
  publisher = {arXiv},
  year = {2021},
  copyright = {arXiv.org perpetual,  non-exclusive license}
}

@article{videoReloc,
  doi = {10.1016/j.measurement.2023.112542},
  url = {https://doi.org/10.1016/j.measurement.2023.112542},
  year = {2023},
  month = mar,
  publisher = {Elsevier {BV}},
  volume = {210},
  pages = {112542},
  author = {Dawei Wang and Gang Liu and Bavirisetti Durga Prasad and Tiantian Xiao and Yejun Yang},
  title = {{FFSCore}-{LSTM}: An enhanced {LSTM}-based camera relocalization networks via front feature smoothing core},
  journal = {Measurement}
}
@inproceedings{af,
  doi = {10.1109/ccdc.2018.8407425},
  url = {https://doi.org/10.1109/ccdc.2018.8407425},
  year = {2018},
  month = jun,
  publisher = {{IEEE}},
  author = {Bin Ding and Huimin Qian and Jun Zhou},
  title = {Activation functions and their characteristics in deep neural networks},
  booktitle = {2018 Chinese Control And Decision Conference ({CCDC})}
}

@misc{hardSigm,
  title={Deep Study of a not very deep neural network. part 2: Activation functions},
  url={https://towardsdatascience.com/deep-study-of-a-not-very-deep-neural-network-part-2-activation-functions-fd9bd8d406fc},
  journal={Medium},
  publisher={Towards Data Science},
  author={Rinat Maksutov},
  year={2018},
  month={Jul}
}
@article{nbLSTM,
  doi = {10.1109/tnnls.2016.2582924},
  url = {https://doi.org/10.1109/tnnls.2016.2582924},
  year = {2017},
  month = oct,
  publisher = {Institute of Electrical and Electronics Engineers ({IEEE})},
  volume = {28},
  number = {10},
  pages = {2222--2232},
  author = {Klaus Greff and Rupesh K. Srivastava and Jan Koutnik and Bas R. Steunebrink and Jurgen Schmidhuber},
  title = {{LSTM}: A Search Space Odyssey},
  journal = {{IEEE} Transactions on Neural Networks and Learning Systems}
}
@misc{Keras,
  url={https://keras.io/api/layers/recurrent{\_}layers/lstm/},
  journal={Keras}
}
@misc{PyTorch,
  url={https://pytorch.org/docs/stable/generated/torch.nn.LSTM.html},
  journal={PyTorch}
}

@misc{wikiLSTM,
  url={https://en.wikipedia.org/wiki/Long{\_}short-term{\_}memory},
  journal={Wikipedia},
  publisher={Wikimedia Foundation},
  year={2023},
  month={Jul}
}
@article{firstLSTM,
  doi = {10.1162/neco.1997.9.8.1735},
  url = {https://doi.org/10.1162/neco.1997.9.8.1735},
  year = {1997},
  month = nov,
  publisher = {{MIT} Press - Journals},
  volume = {9},
  number = {8},
  pages = {1735--1780},
  author = {Sepp Hochreiter and J\"{u}rgen Schmidhuber},
  title = {Long Short-Term Memory},
  journal = {Neural Computation}
}
@article{vanillaLSTM,
  doi = {10.1016/j.neunet.2005.06.042},
  url = {https://doi.org/10.1016/j.neunet.2005.06.042},
  year = {2005},
  month = jul,
  publisher = {Elsevier {BV}},
  volume = {18},
  number = {5-6},
  pages = {602--610},
  author = {Alex Graves and J\"{u}rgen Schmidhuber},
  title = {Framewise phoneme classification with bidirectional {LSTM} and other neural network architectures},
  journal = {Neural Networks}
}
@misc{gru,
  url = {https://arxiv.org/abs/1406.1078},
  title={Learning Phrase Representations using RNN Encoder-Decoder for Statistical Machine Translation},
  author={Kyunghyun Cho and Bart van Merrienboer and Caglar Gulcehre and Dzmitry Bahdanau and Fethi Bougares and Holger Schwenk and Yoshua Bengio},
  year={2014},
  eprint={1406.1078},
  archivePrefix={arXiv},
  primaryClass={cs.CL}
}

@misc{gruKeras,
  url={{https://keras.io/api/layers/recurrent{\_}layers/gru/}},
  journal={Keras}
}
@misc{gruPyTorch,
  url={https://pytorch.org/docs/stable/generated/torch.nn.GRU},
  journal={GRU - PyTorch 2.0 documentation}
}

@article{thesisRef,
  doi = {10.3389/fncom.2021.705050},
  url = {https://doi.org/10.3389/fncom.2021.705050},
  year = {2021},
  month = sep,
  publisher = {Frontiers Media {SA}},
  volume = {15},
  author = {Kazybek Adam and Kamilya Smagulova and Alex James},
  title = {Generalised Analog {LSTMs} Recurrent Modules for Neural Computing},
  journal = {Frontiers in Computational Neuroscience}
}

@article{doubleMem,
  doi = {10.1016/j.mejo.2017.05.005},
  url = {https://doi.org/10.1016/j.mejo.2017.05.005},
  year = {2017},
  month = aug,
  publisher = {Elsevier {BV}},
  volume = {66},
  pages = {31--40},
  author = {Raqibul Hasan and Tarek M. Taha and Chris Yakopcic},
  title = {On-chip training of memristor crossbar based multi-layer neural networks},
  journal = {Microelectronics Journal}
}

@article{sneakPath,
  doi = {10.1016/j.rinp.2018.12.092},
  url = {https://doi.org/10.1016/j.rinp.2018.12.092},
  year = {2019},
  month = mar,
  publisher = {Elsevier {BV}},
  volume = {12},
  pages = {1091--1096},
  author = {Fatih G\"{u}l},
  title = {Addressing the sneak-path problem in crossbar {RRAM} devices using memristor-based one Schottky diode-one resistor array},
  journal = {Results in Physics}
}

@misc{lstmGen,
  title={Spice {LSTM} netlist generator code},
  url={https://github.com/bicheTortue/NN-netlist-generator},
  journal={GitHub},
  author={Barbaza, Valentin}
}
@misc{lstmWei,
  title={{LSTM} weights generator},
  url={https://github.com/bicheTortue/weights-generator},
  journal={GitHub},
  author={Barbaza, Valentin}
}

@article{memRetention,
  doi = {10.1134/s1063739721050024},
  url = {https://doi.org/10.1134/s1063739721050024},
  year = {2021},
  month = sep,
  publisher = {Pleiades Publishing Ltd},
  volume = {50},
  number = {5},
  pages = {311--325},
  author = {A. V. Fadeev and K. V. Rudenko},
  title = {To the Issue of the Memristor's {HRS} and {LRS} States Degradation and Data Retention Time},
  journal = {Russian Microelectronics}
}

@misc{actualVoltMult,
  url={https://www.analog.com/en/products/ad734.html},
  journal={AD734 Datasheet and Product Info | Analog Devices},
  year={2011},
  month={Feb}
}

@misc{adamOpti,
  doi = {10.48550/ARXIV.1412.6980},
  url = {https://arxiv.org/abs/1412.6980},
  author = {Kingma, Diederik P. and Ba, Jimmy},
  keywords = {Machine Learning (cs.LG), FOS: Computer and information sciences},
  title = {Adam: A Method for Stochastic Optimization},
  publisher = {arXiv},
  year = {2014},
  copyright = {arXiv.org perpetual, non-exclusive license}
}

@misc{datasets,
  title={Machine learning datasets},
  url={https://github.com/jbrownlee/Datasets},
  journal={GitHub},
  author={Brownlee, Jason}
}

@misc{airline,
  title={Time Series prediction with LSTM recurrent neural networks in python with keras},
  url={https://machinelearningmastery.com/time-series-prediction-lstm-recurrent-neural-networks-python-keras/},
  journal={MachineLearningMastery.com},
  author={Brownlee, Jason},
  year={2022},
  month={Aug}
}

@article{celegans,
  doi = {10.1038/s41598-022-25421-w},
  url = {https://doi.org/10.1038/s41598-022-25421-w},
  year = {2023},
  month = jan,
  publisher = {Springer Science and Business Media {LLC}},
  volume = {13},
  number = {1},
  author = {Ruxandra Barbulescu and Gon{\c{c}}alo Mestre and Arlindo L. Oliveira and Lu{\'{\i}}s Miguel Silveira},
  title = {Learning the dynamics of realistic models of C. elegans nervous system with recurrent neural networks},
  journal = {Scientific Reports}
}

@article{rnn,
  doi = {10.3390/rs13234822},
  url = {https://doi.org/10.3390/rs13234822},
  year = {2021},
  month = nov,
  publisher = {{MDPI} {AG}},
  volume = {13},
  number = {23},
  pages = {4822},
  author = {Waytehad Rose Moskolaï and Wahabou Abdou and Albert Dipanda and  Kolyang},
  title = {Application of Deep Learning Architectures for Satellite Image Time Series Prediction: A Review},
  journal = {Remote Sensing}
}

@incollection{vanishGrad,
  doi = {10.1109/9780470544037.ch14},
  url = {https://doi.org/10.1109/9780470544037.ch14},
  year = {2009},
  publisher = {{IEEE}},
  title = {Gradient Flow in Recurrent Nets: The Difficulty of Learning {LongTerm} Dependencies},
  booktitle = {A Field Guide to Dynamical Recurrent Networks}
}

@article{gruVSlstm,
  doi = {10.3389/frai.2020.00040},
  url = {https://doi.org/10.3389/frai.2020.00040},
  year = {2020},
  month = jun,
  publisher = {Frontiers Media {SA}},
  volume = {3},
  author = {Nicole Gruber and Alfred Jockisch},
  title = {Are {GRU} Cells More Specific and {LSTM} Cells More Sensitive in Motive Classification of Text?},
  journal = {Frontiers in Artificial Intelligence}
}

@misc{hSigmoid,
  url={https://www.tensorflow.org/api{\_}docs/python/tf/keras/activations/hard{\_}sigmoid},
  journal={TensorFlow}
}
@misc{hSigmoidBis,
  url={https://pytorch.org/docs/stable/generated/torch.nn.Hardsigmoid.html},
  journal={PyTorch}
}
@misc{hTanh,
  url={https://pytorch.org/docs/stable/generated/torch.nn.Hardtanh.html},
  journal={PyTorch}
}

@inproceedings{memristorSpiceModels,
  doi = {10.1109/iscas.2011.5937942},
  url = {https://doi.org/10.1109/iscas.2011.5937942},
  year = {2011},
  month = may,
  publisher = {{IEEE}},
  author = {Hisham Abdalla and Matthew D. Pickett},
  title = {{SPICE} modeling of memristors},
  booktitle = {2011 {IEEE} International Symposium of Circuits and Systems ({ISCAS})}
}

@article{memCadenceModel,
  doi = {10.1109/tcsi.2021.3122343},
  url = {https://doi.org/10.1109/tcsi.2021.3122343},
  year = {2021},
  month = dec,
  publisher = {Institute of Electrical and Electronics Engineers ({IEEE})},
  volume = {68},
  number = {12},
  pages = {4862--4875},
  author = {Sachin Maheshwari and Spyros Stathopoulos and Jiaqi Wang and Alexander Serb and Yihan Pan and Andrea Mifsud and Lieuwe B. Leene and Jiawei Shen and Christos Papavassiliou and Timothy G. Constandinou and Themistoklis Prodromakis},
  title = {Design Flow for Hybrid {CMOS}/Memristor Systems{\textemdash}Part I: Modeling and Verification Steps},
  journal = {{IEEE} Transactions on Circuits and Systems I: Regular Papers}
}

@article{memTEAMmodel,
  doi = {10.1109/tcsi.2012.2215714},
  url = {https://doi.org/10.1109/tcsi.2012.2215714},
  year = {2013},
  month = jan,
  publisher = {Institute of Electrical and Electronics Engineers ({IEEE})},
  volume = {60},
  number = {1},
  pages = {211--221},
  author = {Shahar Kvatinsky and Eby G. Friedman and Avinoam Kolodny and Uri C. Weiser},
  title = {{TEAM}: {ThrEshold} Adaptive Memristor Model},
  journal = {{IEEE} Transactions on Circuits and Systems I: Regular Papers}
}

@article{memVTEAMmodel,
  doi = {10.1109/tcsii.2015.2433536},
  url = {https://doi.org/10.1109/tcsii.2015.2433536},
  year = {2015},
  month = aug,
  publisher = {Institute of Electrical and Electronics Engineers ({IEEE})},
  volume = {62},
  number = {8},
  pages = {786--790},
  author = {Shahar Kvatinsky and Misbah Ramadan and Eby G. Friedman and Avinoam Kolodny},
  title = {{VTEAM}: A General Model for Voltage-Controlled Memristors},
  journal = {{IEEE} Transactions on Circuits and Systems {II}: Express Briefs}
}

@inproceedings{memModelOrigin,
  doi = {10.1109/iscas.2017.8050789},
  url = {https://doi.org/10.1109/iscas.2017.8050789},
  year = {2017},
  month = may,
  publisher = {{IEEE}},
  author = {Ioannis Messaris and Spyridon Nikolaidis and Alexandru Serb and Spyros Stathopoulos and Isha Gupta and Ali Khiat and Themistoklis Prodromakis},
  title = {A {TiO}2 {ReRAM} parameter extraction method},
  booktitle = {2017 {IEEE} International Symposium on Circuits and Systems ({ISCAS})}
}

@book{python,
  author = {Van Rossum, Guido and Drake, Fred L.},
  title = {Python 3 Reference Manual},
  year = {2009},
  isbn = {1441412697},
  publisher = {CreateSpace},
  address = {Scotts Valley, CA}
}

@inproceedings{tensorflow,
  title={Tensorflow: A system for large-scale machine learning},
  author={Abadi, Mart{\'\i}n and Barham, Paul and Chen, Jianmin and Chen, Zhifeng and Davis, Andy and Dean, Jeffrey and Devin, Matthieu and Ghemawat, Sanjay and Irving, Geoffrey and Isard, Michael and others},
  booktitle={12th {USENIX} Symposium on Operating Systems Design and Implementation ({OSDI} 16)},
  pages={265--283},
  year={2016}
}

@misc{memWiki,
  url={https://en.wikipedia.org/wiki/Memristor},
  journal={Wikipedia},
  publisher={Wikimedia Foundation},
  year={2023},
  month={Oct}
}

@article{xbarFigures,
  doi = {10.1016/j.softx.2020.100617},
  url = {https://doi.org/10.1016/j.softx.2020.100617},
  year = {2020},
  month = jul,
  publisher = {Elsevier {BV}},
  volume = {12},
  pages = {100617},
  author = {Dovydas Joksas and Adnan Mehonic},
  title = {badcrossbar: A Python tool for computing and plotting currents and voltages in passive crossbar arrays},
  journal = {{SoftwareX}}
}

@inproceedings{improvLSTM,
  doi = {10.1049/cp:19991218},
  url = {https://doi.org/10.1049/cp:19991218},
  year = {1999},
  publisher = {{IEE}},
  author = {F.A. Gers},
  title = {Learning to forget: continual prediction with {LSTM}},
  booktitle = {9th International Conference on Artificial Neural Networks: {ICANN} {\textquotesingle}99}
}

@misc{Knowm,
  url={https://knowm.org/memristors/},
  journal={Knowm}
}

@misc{chipEnv,
  url={https://www.theguardian.com/environment/2021/sep/18/semiconductor-silicon-chips-carbon-footprint-climate},
  journal={The Guardian},
  publisher={Guardian News and Media},
  year={2021},
  month={Sep}
}

@misc{greenReport,
  title={Semiconductor industry electricity consumption to more than double by 2030: Study},
  url={https://www.greenpeace.org/eastasia/press/7930/semiconductor-industry-electricity-consumption-to-more-than-double-by-2030-study/},
  journal={Greenpeace East Asia}
}

@article{worldEmissions,
  author = {Hannah Ritchie and Max Roser and Pablo Rosado},
  title = {CO₂ and Greenhouse Gas Emissions},
  journal = {Our World in Data},
  year = {2020},
  note = {https://ourworldindata.org/co2-and-greenhouse-gas-emissions}
}

@misc{portugalElec,
  url={https://www.nowtricity.com/country/portugal/},
  journal={Nowtricity}
}
